@misc{bdtrans,
    author = "Big Data and Transport: Understanding and assessing options",
    title  = "OECD/ITF",
    year   = "2015",
    url    = "https://www.itf-oecd.org/sites/default/files/docs/15cpb_bigdata_0.pdf", 
    note   = {Accessed:30-Mar-2017},}
@ONLINE{its,
    author = "United States Department of Transportation",
    title  = "Intelligent Transportation System",
    year   = "2017",
    url    = "https://www.its.dot.gov/",}
@ONLINE{bigdata,
    author = "Oracle",
    title  = "Big Data",
    year   = "2017",
    url    = "https://www.oracle.com/big-data/index.html",}
@ONLINE{hadoop,
    author = "SAS",
    title  = "Hadoop",
    year   = "2017",
    url    = "https://www.sas.com/en_us/insights/big-data/hadoop.html",}
@ONLINE{mapreduce,
    author = "IBM Analytic",
    title  = "Map Reduce",
    year   = "2017",
    url    = "https://www.ibm.com/analytics/us/en/technology/hadoop/mapreduce/",}
@ONLINE{ivr,
    author = "Qubole",
    title  = "Big Data and Customer Service",
    year   = "2017",
    url    = "https://www.qubole.com/blog/call-center-analytics/",}
@INPROCEEDINGS{trans,
author={R. P. Biuk-Aghai and W. T. Kou and S. Fong},
booktitle={2016 IEEE Region 10 Symposium (TENSYMP)},
title={Big data analytics for transportation: Problems and prospects for its application in China},
year={2016},
volume={},
publisher={IEEE},
address = {IEEE JOURNAL},
number={},
pages={173-178},
keywords={Big Data;data analysis;standardisation;traffic engineering computing;transportation;China transportation system;big data analytics;standardisation;Big data;Government;Roads;Sensors;Vehicles},
doi={10.1109/TENCONSpring.2016.7519399},
ISSN={},
month={May},}
@INPROCEEDINGS{bdlt,
author={A. Ben Ayed and M. Ben Halima and A. M. Alimi},
booktitle={2015 4th International Conference on Advanced Logistics and Transport (ICALT)},
title={Big data analytics for logistics and transportation},
year={2015},
volume={},
publisher={IEEE},
address = {IEEE JOURNAL},
number={},
pages={311-316},
keywords={Big Data;Global Positioning System;data analysis;distributed processing;goods distribution;logistics;production engineering computing;smart phones;GPS;Hadoop big data analytics system;big data analytic tools;containers code;e-commerce;logistics industry;sensors;smartphones;transportation industry;unstructured data;Aggregates;Cities and towns;Computer architecture;Global Positioning System;Industries;Maintenance engineering;XML;big data analytics;logistic;transportation},
doi={10.1109/ICAdLT.2015.7136630},
ISSN={},
month={May},}
